<?xml version="1.0" encoding="UTF-8"?><collection xmlns="http://www.loc.gov/MARC21/slim"><record><leader>00589nam--2200193-i-4500</leader><controlfield tag="001">000007006</controlfield><controlfield tag="002">20161230</controlfield><controlfield tag="005">20161230201027</controlfield><controlfield tag="008">060222s1000------------r-----000-0-eng-d</controlfield><datafield ind1=" " ind2=" " tag="040"><subfield code="a">IFIN-HH</subfield></datafield><datafield ind1=" " ind2=" " tag="080"><subfield code="a">53</subfield></datafield><datafield ind1="1" ind2=" " tag="100"><subfield code="a">Richards, James A</subfield></datafield><datafield ind1="1" ind2="0" tag="245"><subfield code="a">Modern university physics</subfield><subfield code="c">James a. richards, francis weston sears, mark w. zemansky</subfield></datafield><datafield ind1=" " ind2=" " tag="260"><subfield code="a">Reading, Massachusetts</subfield><subfield code="b">Addison-wesley Publishing Company, Inc</subfield><subfield code="c">1960</subfield></datafield><datafield ind1=" " ind2=" " tag="300"><subfield code="a">XVI+993P.+INDEX</subfield></datafield><datafield ind1=" " ind2=" " tag="490"><subfield code="a">Addison-wesley Seris In Physics</subfield></datafield><datafield ind1="1" ind2=" " tag="700"><subfield code="a">Zemansky, Mark W</subfield></datafield><datafield ind1=" " ind2=" " tag="852"><subfield code="a">16265</subfield><subfield code="c">53</subfield></datafield><datafield ind1=" " ind2=" " tag="CAT"><subfield code="a">Sys</subfield><subfield code="c">20150216</subfield><subfield code="h">221232</subfield></datafield></record></collection>